@book{becker1964human,
  title={Human capital},
  author={Becker, Gary S},
  year={1964},
  publisher={University of Chicago press}
}
@inproceedings{crowne2002software,
  title={Why software product startups fail and what to do about it. The evolution of software product development in startup companies},
  author={Crowne, Mark},
  booktitle={IEEE International Engineering Management Conference},
  volume={1},
  pages={338--343},
  year={2002},
  organization={IEEE}
}
@inproceedings{giardino2015key,
  title={Key challenges in early-stage software startups},
  author={Giardino, Carmine and Bajwa, Sohaib Shahid and Wang, Xiaofeng and Abrahamsson, Pekka},
  booktitle={International Conference on Agile Software Development},
  pages={52--63},
  year={2015},
  organization={Springer}
}
@article{nambisan2017digital,
  title={Digital entrepreneurship: Toward a digital technology perspective of entrepreneurship},
  author={Nambisan, Satish},
  journal={Entrepreneurship Theory and Practice},
  volume={41},
  number={6},
  pages={1029--1055},
  year={2017},
  publisher={SAGE Publications Sage CA: Los Angeles, CA}
}
@article{steininger2019linking,
  title={Linking information systems and entrepreneurship: A review and agenda for IT-associated and digital entrepreneurship research},
  author={Steininger, Dennis M},
  journal={Information Systems Journal},
  volume={29},
  number={2},
  pages={363--407},
  year={2019},
  publisher={Wiley Online Library}
}
@book{ries2011lean,
  title={The lean startup: How today's entrepreneurs use continuous innovation to create radically successful businesses},
  author={Ries, Eric},
  year={2011},
  publisher={Currency}
}
@book{blank2005four,
  title={The four steps to the epiphany: successful strategies for products that win},
  author={Blank, Steve},
  year={2005},
  publisher={K and S, Ranch Press}
}
@article{sutton2000role,
  title={The role of process in software start-up},
  author={Sutton, Stanley M},
  journal={IEEE software},
  volume={17},
  number={4},
  pages={33--39},
  year={2000},
  publisher={IEEE}
}
@article{audretsch1994new,
  title={New-firm startups, technology, and macroeconomic fluctuations},
  author={Audretsch, David B and Acs, Zoltan J},
  journal={Small Business Economics},
  volume={6},
  number={6},
  pages={439--449},
  year={1994},
  publisher={Springer}
}
@article{haltiwanger2013creates,
  title={Who creates jobs? Small versus large versus young},
  author={Haltiwanger, John and Jarmin, Ron S and Miranda, Javier},
  journal={Review of Economics and Statistics},
  volume={95},
  number={2},
  pages={347--361},
  year={2013},
  publisher={MIT Press}
}
@article{hathaway2013tech,
  title={Tech starts: High-technology business formation and job creation in the United States},
  author={Hathaway, Ian},
  journal={Ewing Marion Kauffman Foundation Research Paper},
  year={2013}
}
@article{decker2014role,
  title={The role of entrepreneurship in US job creation and economic dynamism},
  author={Decker, Ryan and Haltiwanger, John and Jarmin, Ron and Miranda, Javier},
  journal={Journal of Economic Perspectives},
  volume={28},
  number={3},
  pages={3--24},
  year={2014}
}
@article{colin2015digital,
  title={The digital economy},
  author={Colin, Nicolas and Landier, Augustin and Mohnen, Pierre and Perrot, Anne},
  journal={Notes du conseil danalyse economique},
  volume={7},
  pages={1--12},
  year={2015},
  publisher={Conseil d’analyse {\'e}conomique}
}
@article{EUcommission2015digital,
  title={'Digital Transformation of European Industry and Enterprises' – report from the Strategic Policy Forum on Digital Entrepreneurship},
  author={European-Commission},
  journal={Report from the Strategic Policy Forum},
  pages={1--14},
  year={2015},
}
@article{huang2017growing,
  title={Growing on steroids: Rapidly scaling the user base of digital ventures through digital innovaton.},
  author={Huang, Jimmy and Henfridsson, Ola and Liu, Martin J and Newell, Sue},
  journal={Mis Quarterly},
  volume={41},
  number={1},
  year={2017}
}
@article{wong2005entrepreneurship,
  title={Entrepreneurship, innovation and economic growth: Evidence from GEM data},
  author={Wong, Poh Kam and Ho, Yuen Ping and Autio, Erkko},
  journal={Small business economics},
  volume={24},
  number={3},
  pages={335--350},
  year={2005},
  publisher={Springer}
}
@article{unterkalmsteiner2016software,
  title={Software startups--a research agenda},
  author={Unterkalmsteiner, Michael and Abrahamsson, Pekka and Wang, Xiaofeng and Nguyen-Duc, Anh and Shah, Syed and Bajwa, Sohaib Shahid and Baltes, Guido H and Conboy, Kieran and Cullina, Eoin and Dennehy, Denis and others},
  journal={e-Informatica Software Engineering Journal},
  volume={10},
  number={1},
  year={2016}
}
@article{hambrick1984upper,
  title={Upper echelons: The organization as a reflection of its top managers},
  author={Hambrick, Donald C and Mason, Phyllis A},
  journal={Academy of management review},
  volume={9},
  number={2},
  pages={193--206},
  year={1984},
  publisher={Academy of Management Briarcliff Manor, NY 10510}
}
@article{cooper1994initial,
  title={Initial human and financial capital as predictors of new venture performance},
  author={Cooper, Arnold C and Gimeno-Gascon, F Javier and Woo, Carolyn Y},
  journal={Journal of business venturing},
  volume={9},
  number={5},
  pages={371--395},
  year={1994},
  publisher={Elsevier}
}
@article{gimeno1997survival,
  title={Survival of the fittest? Entrepreneurial human capital and the persistence of underperforming firms},
  author={Gimeno, Javier and Folta, Timothy B and Cooper, Arnold C and Woo, Carolyn Y},
  journal={Administrative science quarterly},
  pages={750--783},
  year={1997},
  publisher={JSTOR}
}
@article{shane2002organizational,
  title={Organizational endowments and the performance of university start-ups},
  author={Shane, Scott and Stuart, Toby},
  journal={Management science},
  volume={48},
  number={1},
  pages={154--170},
  year={2002},
  publisher={INFORMS}
}
@article{ensley2002understanding,
  title={Understanding the dynamics of new venture top management teams: Cohesion, conflict, and new venture performance},
  author={Ensley, Michael D and Pearson, Allison W and Amason, Allen C},
  journal={Journal of business venturing},
  volume={17},
  number={4},
  pages={365--386},
  year={2002},
  publisher={Elsevier}
}
@article{watson2003effects,
  title={The effects of human capital, organizational demography, and interpersonal processes on venture partner perceptions of firm profit and growth},
  author={Watson, Warren and Stewart Jr, Wayne H and BarNir, Anat},
  journal={Journal of Business Venturing},
  volume={18},
  number={2},
  pages={145--164},
  year={2003},
  publisher={Elsevier}
}
@article{bosma2004value,
  title={The value of human and social capital investments for the business performance of startups},
  author={Bosma, Niels and Van Praag, Mirjam and Thurik, Roy and De Wit, Gerrit},
  journal={Small Business Economics},
  volume={23},
  number={3},
  pages={227--236},
  year={2004},
  publisher={Springer}
}
@article{audretsch2004financing,
  title={Financing high-tech growth: the role of banks and venture capitalists},
  author={Audretsch, David B and Lehmann, Erik E},
  journal={Schmalenbach Business Review},
  volume={56},
  number={4},
  pages={340--357},
  year={2004},
  publisher={Springer}
}
@article{chandler2005antecedents,
  title={Antecedents, moderators, and performance consequences of membership change in new venture teams},
  author={Chandler, Gaylen N and Honig, Benson and Wiklund, Johan},
  journal={Journal of Business Venturing},
  volume={20},
  number={5},
  pages={705--725},
  year={2005},
  publisher={Elsevier}
}
@article{amason2006newness,
  title={Newness and novelty: Relating top management team composition to new venture performance},
  author={Amason, Allen C and Shrader, Rodney C and Tompson, George H},
  journal={Journal of Business Venturing},
  volume={21},
  number={1},
  pages={125--148},
  year={2006},
  publisher={Elsevier}
}
@article{eckhardt2006multistage,
  title={Multistage selection and the financing of new ventures},
  author={Eckhardt, Jonathan T and Shane, Scott and Delmar, Frederic},
  journal={Management Science},
  volume={52},
  number={2},
  pages={220--232},
  year={2006},
  publisher={Informs}
}
@article{delmar2006does,
  title={Does experience matter? The effect of founding team experience on the survival and sales of newly founded ventures},
  author={Delmar, Fr{\'e}d{\'e}ric and Shane, Scott},
  journal={Strategic Organization},
  volume={4},
  number={3},
  pages={215--247},
  year={2006},
  publisher={Sage Publications Sage CA: Thousand Oaks, CA}
}
@article{beckman2007early,
  title={Early teams: The impact of team demography on VC financing and going public},
  author={Beckman, Christine M and Burton, M Diane and O'Reilly, Charles},
  journal={Journal of business venturing},
  volume={22},
  number={2},
  pages={147--173},
  year={2007},
  publisher={Elsevier}
}
@article{engel2007firm,
  title={Firm-level implications of early stage venture capital investment—An empirical investigation},
  author={Engel, Dirk and Keilbach, Max},
  journal={Journal of Empirical Finance},
  volume={14},
  number={2},
  pages={150--167},
  year={2007},
  publisher={Elsevier}
}
@article{colombo2009capital,
  title={A capital partnership: how human and venture capital affect the growth of high-tech start-ups},
  author={Colombo, Massimo G and Grilli, Luca},
  journal={Strategic Change: Briefings in Entrepreneurial Finance},
  volume={18},
  number={7-8},
  pages={231--239},
  year={2009},
  publisher={Wiley Online Library}
}
@article{ganotakis2012founders,
  title={Founders’ human capital and the performance of UK new technology based firms},
  author={Ganotakis, Panagiotis},
  journal={Small Business Economics},
  volume={39},
  number={2},
  pages={495--515},
  year={2012},
  publisher={Springer}
}
@article{visintin2014founding,
  title={Founding team composition and early performance of university—Based spin-off companies},
  author={Visintin, Francesca and Pittino, Daniel},
  journal={Technovation},
  volume={34},
  number={1},
  pages={31--43},
  year={2014},
  publisher={Elsevier}
}
@article{williamsky1998demographyand,
  title={Demography and Diversity in Organizations: A Review of 40 Years of Research},
  author={Williamsky, O’Reillyca},
  journal={Research in Organizational Behavior},
  volume={20},
  number={3},
  pages={77--140},
  year={1998}
}
@article{unger2011human,
  title={Human capital and entrepreneurial success: A meta-analytical review},
  author={Unger, Jens M and Raugrch, Andreas and Frese, Michael and Rosenbusch, Nina},
  journal={Journal of business venturing},
  volume={26},
  number={3},
  pages={341--358},
  year={2011},
  publisher={Elsevier}
}
@article{aboramadan2020top,
  title={Top management teams characteristics and firms performance: literature review and avenues for future research},
  author={Aboramadan, Mohammed},
  journal={International Journal of Organizational Analysis},
  year={2020},
  publisher={Emerald Publishing Limited}
}
@article{colombo2010growth,
    title={On growth drivers of high-tech start-ups: Exploring the role of founders' human capital and venture capital},
    author={Colombo, Massimo G and Grilli, Luca},
    journal={Journal of business venturing},
    volume={25},
    number={6},
    pages={610--626},
    year={2010},
    publisher={Elsevier}
}
@article{davila2003venture,
  title={Venture capital financing and the growth of startup firms},
  author={Davila, Antonio and Foster, George and Gupta, Mahendra},
  journal={Journal of business venturing},
  volume={18},
  number={6},
  pages={689--708},
  year={2003},
  publisher={Elsevier}
}
@inproceedings{alemany2005unbiased,
  title={Unbiased estimation of economic impact of venture capital backed firms},
  author={Alemany, Luisa and Marti, Jose},
  booktitle={EFA 2005 Moscow Meetings Paper},
  year={2005}
}
@article{paternoster2014software,
  title={Software development in startup companies: A systematic mapping study},
  author={Paternoster, Nicol{\`o} and Giardino, Carmine and Unterkalmsteiner, Michael and Gorschek, Tony and Abrahamsson, Pekka},
  journal={Information and Software Technology},
  volume={56},
  number={10},
  pages={1200--1218},
  year={2014},
  publisher={Elsevier}
}
@inproceedings{giardino2014early,
  title={Why early-stage software startups fail: a behavioral framework},
  author={Giardino, Carmine and Wang, Xiaofeng and Abrahamsson, Pekka},
  booktitle={International conference of software business},
  pages={27--41},
  year={2014},
  organization={Springer}
}
@inproceedings{gralha2018evolution,
  title={The evolution of requirements practices in software startups},
  author={Gralha, Catarina and Damian, Daniela and Wasserman, Anthony and Goul{\~a}o, Miguel and Ara{\'u}jo, Jo{\~a}o},
  booktitle={2018 IEEE/ACM 40th International Conference on Software Engineering (ICSE)},
  pages={823--833},
  year={2018},
  organization={IEEE}
}
@article{smith2005existing,
  title={Existing knowledge, knowledge creation capability, and the rate of new product introduction in high-technology firms},
  author={Smith, Ken G and Collins, Christopher J and Clark, Kevin D},
  journal={Academy of management Journal},
  volume={48},
  number={2},
  pages={346--357},
  year={2005},
  publisher={Academy of Management Briarcliff Manor, NY 10510}
}
@article{de2010interrelationships,
  title={Interrelationships between human capital, HRM and innovation in Belgian start-ups aiming at an innovation strategy},
  author={De Winne, Sophie and Sels, Luc},
  journal={The International Journal of Human Resource Management},
  volume={21},
  number={11},
  pages={1863--1883},
  year={2010},
  publisher={Taylor and Francis}
}
@article{andries2014small,
  title={Small firm innovation performance and employee involvement},
  author={Andries, Petra and Czarnitzki, Dirk},
  journal={Small business economics},
  volume={43},
  number={1},
  pages={21--38},
  year={2014},
  publisher={Springer}
}
@article{siepel2017non,
  title={Non-founder human capital and the long-run growth and survival of high-tech ventures},
  author={Siepel, Josh and Cowling, Marc and Coad, Alex},
  journal={Technovation},
  volume={59},
  pages={34--43},
  year={2017},
  publisher={Elsevier}
}
@article{klaas2010adoption,
  title={The adoption of human capital services by small and medium enterprises: A diffusion of innovation perspective},
  author={Klaas, Brian S and Klimchak, Malayka and Semadeni, Matthew and Holmes, Jeanne Johnson},
  journal={Journal of Business Venturing},
  volume={25},
  number={4},
  pages={349--360},
  year={2010},
  publisher={Elsevier}
}
@article{stam2013knowledge,
  title={Knowledge and entrepreneurial employees: A country-level analysis},
  author={Stam, Erik},
  journal={Small Business Economics},
  volume={41},
  number={4},
  pages={887--898},
  year={2013},
  publisher={Springer}
}
@article{davidsson2003role,
  title={The role of social and human capital among nascent entrepreneurs},
  author={Davidsson, Per and Honig, Benson},
  journal={Journal of business venturing},
  volume={18},
  number={3},
  pages={301--331},
  year={2003},
  publisher={Elsevier}
}
@article{maclean2007managerialism,
  title={Managerialism and the Post-war evolution of the French national business system},
  author={Maclean, Mairi and Harvey, Charles and Press, Jon},
  journal={Business History},
  volume={49},
  number={4},
  pages={531--551},
  year={2007},
  publisher={Taylor and Francis}
}
@article{milosevic2016venture,
  title={Venture capital and its French exception: Explaining performance through human capital, policy and institutional failures},
  author={Milosevic, Miona and Fendt, Jacqueline},
  journal={Science and Public Policy},
  volume={43},
  number={5},
  pages={660--679},
  year={2016},
  publisher={Oxford University Press}
}
@article{milosevic2018skills,
  title={Skills or networks? Success and fundraising determinants in a low performing venture capital market},
  author={Milosevic, Miona},
  journal={Research Policy},
  volume={47},
  number={1},
  pages={49--60},
  year={2018},
  publisher={Elsevier}
}
@article{engel2007firm,
  title={Firm-level implications of early stage venture capital investment—An empirical investigation},
  author={Engel, Dirk and Keilbach, Max},
  journal={Journal of Empirical Finance},
  volume={14},
  number={2},
  pages={150--167},
  year={2007},
  publisher={Elsevier}
}
@article{steffens2012birds,
  title={Birds of a feather get lost together: new venture team composition and performance},
  author={Steffens, Paul and Terjesen, Siri and Davidsson, Per},
  journal={Small Business Economics},
  volume={39},
  number={3},
  pages={727--743},
  year={2012},
  publisher={Springer}
}
@article{gruber2012minds,
  title={From minds to markets: How human capital endowments shape market opportunity identification of technology start-ups},
  author={Gruber, Marc and MacMillan, Ian C and Thompson, James D},
  journal={Journal of management},
  volume={38},
  number={5},
  pages={1421--1449},
  year={2012},
  publisher={SAGE Publications Sage CA: Los Angeles, CA}
}
@article{milosevic2020follow,
  title={Follow-on financing through syndication in the VC industry--a signaling perspective of VC human capital and fund characteristics},
  author={Milosevic, Miona and Le Pendeven, Benjamin and Fendt, Jacqueline},
  journal={Venture Capital},
  volume={22},
  number={1},
  pages={35--69},
  year={2020},
  publisher={Taylor and Francis}
}
@article{marvel2016human,
  title={Human capital and entrepreneurship research: A critical review and future directions},
  author={Marvel, Matthew R and Davis, Justin L and Sproul, Curtis R},
  journal={Entrepreneurship Theory and Practice},
  volume={40},
  number={3},
  pages={599--626},
  year={2016},
  publisher={SAGE Publications Sage CA: Los Angeles, CA}
}
@article{sorenson2019silicon,
  title={The Silicon Valley Syndrome},
  author={Sorenson, Olav and Kwon, Doris},
  year={2019},
  publisher={SocArXiv}
}
@article{colombo2005founders,
  title={Founders’ human capital and the growth of new technology-based firms: A competence-based view},
  author={Colombo, Massimo G and Grilli, Luca},
  journal={Research policy},
  volume={34},
  number={6},
  pages={795--816},
  year={2005},
  publisher={Elsevier}
}
@article{taylor2006superman,
  title={Superman or the fantastic four? Knowledge combination and experience in innovative teams},
  author={Taylor, Alva and Greve, Henrich R},
  journal={Academy of management journal},
  volume={49},
  number={4},
  pages={723--740},
  year={2006},
  publisher={Academy of Management Briarcliff Manor, NY 10510}
}
@article{audretsch2015entrepreneurship,
  title={Entrepreneurship and economic development in cities},
  author={Audretsch, David B and Belitski, Maksim and Desai, Sameeksha},
  journal={The Annals of Regional Science},
  volume={55},
  number={1},
  pages={33--60},
  year={2015},
  publisher={Springer}
}
@article{ghassemiautomated,
  title={The Automated Venture Capitalist: Data and Methods to Predict the Fate of Startup Ventures},
  author={Ghassemi, Mohammad M and Song, Christopher and Alhanai, Tuka},
  year={2015},
}
@article{hanks1994tightening,
  title={Tightening the life-cycle construct: A taxonomic study of growth stage configurations in high-technology organizations},
  author={Hanks, Steven H and Watson, Collin J and Jansen, Erik and Chandler, Gaylen N},
  journal={Entrepreneurship theory and Practice},
  volume={18},
  number={2},
  pages={5--29},
  year={1994},
  publisher={SAGE Publications Sage CA: Los Angeles, CA}
}
@article{reese2020should,
  title={Should competencies be broadly shared in new ventures' founding teams?},
  author={Reese, Daniel and Rieger, Verena and Engelen, Andreas},
  journal={Strategic Entrepreneurship Journal},
  year={2020},
  publisher={Wiley Online Library}
}
@article{grillitsch2020does,
  title={Does the Timing of Integrating New Skills Affect Start-up Growth?},
  author={Grillitsch, Markus and Schubert, Torben},
  journal={Strategic Entrepreneurship Journal},
  year={2020},
  publisher={Wiley Online Library}
}
@article{cavallo2019fostering,
  title={Fostering digital entrepreneurship from startup to scaleup: The role of venture capital funds and angel groups},
  author={Cavallo, Angelo and Ghezzi, Antonio and Dell'Era, Claudio and Pellizzoni, Elena},
  journal={Technological Forecasting and Social Change},
  volume={145},
  pages={24--35},
  year={2019},
  publisher={Elsevier}
}
@book{penrose1956theory,
  title={The Theory of the Growth of the Firm},
  author={Penrose, Edith Tilton},
  year={1956},
  publisher={Oxford university press}
}
@article{gibbons2004task,
  title={Task-specific human capital},
  author={Gibbons, Robert and Waldman, Michael},
  journal={American Economic Review},
  volume={94},
  number={2},
  pages={203--207},
  year={2004}
}
@article{macmillan1985criteria,
  title={Criteria used by venture capitalists to evaluate new venture proposals},
  author={MacMillan, Ian C and Siegel, Robin and Narasimha, PN Subba},
  journal={Journal of Business venturing},
  volume={1},
  number={1},
  pages={119--128},
  year={1985},
  publisher={Elsevier}
}
@book{storey1994understanding,
  title={Understanding the small business sector},
  author={Storey, David J},
  year={1994},
  publisher={Thomson Learning, London}
}
@article{boeker2002entrepreneurial,
  title={Entrepreneurial transitions: Factors influencing founder departure},
  author={Boeker, Warren and Karichalil, Rushi},
  journal={Academy of Management Journal},
  volume={45},
  number={4},
  pages={818--826},
  year={2002},
  publisher={Academy of Management Briarcliff Manor, NY 10510}
}
@article{lynskey2004determinants,
  title={Determinants of innovative activity in Japanese technology-based start-up firms},
  author={Lynskey, Michael J},
  journal={International Small Business Journal},
  volume={22},
  number={2},
  pages={159--196},
  year={2004},
  publisher={Sage Publications}
}
@article{shane2000prior,
  title={Prior knowledge and the discovery of entrepreneurial opportunities},
  author={Shane, Scott},
  journal={Organization science},
  volume={11},
  number={4},
  pages={448--469},
  year={2000},
  publisher={INFORMS}
}
@book{cannella2008strategic,
  title={Strategic leadership: Theory and research on executives, top management teams, and boards},
  author={Cannella, Bert and Finkelstein, Sydney and Hambrick, Donald C},
  year={2008},
  publisher={Oxford University Press}
}
@article{hanks1994tightening,
  title={Tightening the life-cycle construct: A taxonomic study of growth stage configurations in high-technology organizations},
  author={Hanks, Steven H and Watson, Collin J and Jansen, Erik and Chandler, Gaylen N},
  journal={Entrepreneurship theory and Practice},
  volume={18},
  number={2},
  pages={5--29},
  year={1994},
  publisher={SAGE Publications Sage CA: Los Angeles, CA}
}
@article{webber2001impact,
  title={Impact of highly and less job-related diversity on work group cohesion and performance: A meta-analysis},
  author={Webber, Sheila Simsarian and Donahue, Lisa M},
  journal={Journal of management},
  volume={27},
  number={2},
  pages={141--162},
  year={2001},
  publisher={Elsevier}
}
@article{jin2017entrepreneurial,
  title={Entrepreneurial team composition characteristics and new venture performance: A meta--analysis},
  author={Jin, Linlin and Madison, Kristen and Kraiczy, Nils D and Kellermanns, Franz W and Crook, T Russell and Xi, Jing},
  journal={Entrepreneurship Theory and Practice},
  volume={41},
  number={5},
  pages={743--771},
  year={2017},
  publisher={SAGE Publications Sage CA: Los Angeles, CA}
}
@article{boeker1997executive,
  title={Executive migration and strategic change: The effect of top manager movement on product-market entry},
  author={Boeker, Warren},
  journal={Administrative science quarterly},
  pages={213--236},
  year={1997},
  publisher={JSTOR}
}
@article{ko2018signaling,
  title={Signaling for more money: The roles of founders' human capital and investor prominence in resource acquisition across different stages of firm development},
  author={Ko, Eun-Jeong and McKelvie, Alexander},
  journal={Journal of Business Venturing},
  volume={33},
  number={4},
  pages={438--454},
  year={2018},
  publisher={Elsevier}
}
@article{hellmann2002venture,
  title={Venture capital and the professionalization of start-up firms: Empirical evidence},
  author={Hellmann, Thomas and Puri, Manju},
  journal={The journal of finance},
  volume={57},
  number={1},
  pages={169--197},
  year={2002},
  publisher={Wiley Online Library}
}
@inproceedings{nguyen2015hunter,
  title={Hunter-gatherer cycle: a conceptual model of the evolution of software startups},
  author={Nguyen-Duc, Anh and Sepp{\"a}nen, Pertti and Abrahamsson, Pekka},
  booktitle={Proceedings of the 2015 International Conference on Software and System Process},
  pages={199--203},
  year={2015}
}
@inproceedings{seppanen2016initial,
  title={The initial team of a software startup Narrow-shouldered innovation and broad-shouldered implementation},
  author={Seppanen, Pertti and Oivo, Markku and Liukkunen, Kari},
  booktitle={2016 International Conference on Engineering, Technology and Innovation/IEEE lnternational Technology Management Conference (ICE/ITMC)},
  pages={1--9},
  year={2016},
  organization={IEEE}
}
@article{klepper2001employee,
  title={Employee startups in high-tech industries},
  author={Klepper, Steven},
  journal={Industrial and corporate change},
  volume={10},
  number={3},
  pages={639--674},
  year={2001},
  publisher={Oxford University Press}
}
@article{ouimet2014works,
  title={Who works for startups? The relation between firm age, employee age, and growth},
  author={Ouimet, Paige and Zarutskie, Rebecca},
  journal={Journal of financial Economics},
  volume={112},
  number={3},
  pages={386--407},
  year={2014},
  publisher={Elsevier}
}
@article{lichtenstein2001resource,
  title={How do “resource bundles” develop and change in new ventures? A dynamic model and longitudinal exploration},
  author={Lichtenstein, Benyamin M Bergmann and Brush, Candida G},
  journal={Entrepreneurship theory and practice},
  volume={25},
  number={3},
  pages={37--58},
  year={2001},
  publisher={SAGE Publications Sage CA: Los Angeles, CA}
}
@inproceedings{luoma2018exploring,
  title={Exploring Business Model Changes in Software-as-a-Service Firms},
  author={Luoma, Eetu and Laatikainen, Gabriella and Mazhelis, Oleksiy},
  booktitle={International Conference of Software Business},
  pages={108--124},
  year={2018},
  organization={Springer}
}
@article{henrekson2010gazelles,
  title={Gazelles as job creators: a survey and interpretation of the evidence},
  author={Henrekson, Magnus and Johansson, Dan},
  journal={Small business economics},
  volume={35},
  number={2},
  pages={227--244},
  year={2010},
  publisher={Springer}
}
@article{block2019private,
  title={Private equity investment criteria: An experimental conjoint analysis of venture capital, business angels, and family offices},
  author={Block, Joern and Fisch, Christian and Vismara, Silvio and Andres, Ren{\'e}},
  journal={Journal of corporate finance},
  volume={58},
  pages={329--352},
  year={2019},
  publisher={Elsevier}
}
@article{gompers2020venture,
  title={How do venture capitalists make decisions?},
  author={Gompers, Paul A and Gornall, Will and Kaplan, Steven N and Strebulaev, Ilya A},
  journal={Journal of Financial Economics},
  volume={135},
  number={1},
  pages={169--190},
  year={2020},
  publisher={Elsevier}
}
@article{sorensen2000aging,
  title={Aging, obsolescence, and organizational innovation},
  author={S{\o}rensen, Jesper B and Stuart, Toby E},
  journal={Administrative science quarterly},
  volume={45},
  number={1},
  pages={81--112},
  year={2000},
  publisher={SAGE Publications Sage CA: Los Angeles, CA}
}
@inproceedings{wang2016key,
  title={Key challenges in software startups across life cycle stages},
  author={Wang, Xiaofeng and Edison, Henry and Bajwa, Sohaib Shahid and Giardino, Carmine and Abrahamsson, Pekka},
  booktitle={International Conference on Agile Software Development},
  pages={169--182},
  year={2016},
  organization={Springer, Cham}
}
@article{klein2020start,
  title={Start-up Financing in the Digital Age--A Systematic Review and Comparison of New Forms of Financing},
  author={Klein, Maximilian and Neitzert, Florian and Hartmann-Wendels, Thomas and Kraus, Sascha},
  journal={The Journal of Entrepreneurial Finance},
  volume={21},
  number={2},
  pages={3},
  year={2020}
}
@book{silchenko2020raise,
  title={Raise and Rise: Funding Sources for Your Startup in the Era of Digital Transformation and Blockchain},
  author={Silchenko, Victoria},
  year={2020},
  publisher={University of Chicago press},
}
@article{drover2017review,
  title={A review and road map of entrepreneurial equity financing research: venture capital, corporate venture capital, angel investment, crowdfunding, and accelerators},
  author={Drover, Will and Busenitz, Lowell and Matusik, Sharon and Townsend, David and Anglin, Aaron and Dushnitsky, Gary},
  journal={Journal of management},
  volume={43},
  number={6},
  pages={1820--1853},
  year={2017},
  publisher={SAGE Publications Sage CA: Los Angeles, CA}
}
@article{carpentier2015angel,
  title={Angel group members' decision process and rejection criteria: A longitudinal analysis},
  author={Carpentier, C{\'e}cile and Suret, Jean-Marc},
  journal={Journal of Business Venturing},
  volume={30},
  number={6},
  pages={808--821},
  year={2015},
  publisher={Elsevier}
}
@inproceedings{cukier2016software,
  title={Software startup ecosystems evolution: The New York City case study},
  author={Cukier, Daniel and Kon, Fabio and Lyons, Thomas S},
  booktitle={2016 International Conference on Engineering, Technology and Innovation/IEEE lnternational Technology Management Conference (ICE/ITMC)},
  pages={1--8},
  year={2016},
  organization={IEEE}
}
@article{wernerfelt1984resource,
  title={A resource-based view of the firm},
  author={Wernerfelt, Birger},
  journal={Strategic management journal},
  volume={5},
  number={2},
  pages={171--180},
  year={1984},
  publisher={Wiley Online Library}
}
@article{bertoni2011venture,
  title={Venture capital financing and the growth of high-tech start-ups: Disentangling treatment from selection effects},
  author={Bertoni, Fabio and Colombo, Massimo G and Grilli, Luca},
  journal={Research policy},
  volume={40},
  number={7},
  pages={1028--1043},
  year={2011},
  publisher={Elsevier}
}
@article{autio2016entrepreneurship,
  title={Entrepreneurship support in Europe: Trends and challenges for EU policy},
  author={Autio, Erkko},
  journal={London, England: Imperial College Business School},
  year={2016}
}
@article{song2019digital,
  title={The Digital Entrepreneurial Ecosystem—a critique and reconfiguration},
  author={Song, Abraham K},
  journal={Small Business Economics},
  volume={53},
  number={3},
  pages={569--590},
  year={2019},
  publisher={Springer}
}
@article{crook2011does,
  title={Does human capital matter? A meta-analysis of the relationship between human capital and firm performance.},
  author={Crook, T Russell and Todd, Samuel Y and Combs, James G and Woehr, David J and Ketchen Jr, David J},
  journal={Journal of applied psychology},
  volume={96},
  number={3},
  pages={443},
  year={2011},
  publisher={American Psychological Association}
}
@inproceedings{bosch2013early,
  title={The early stage software startup development model: a framework for operationalizing lean principles in software startups},
  author={Bosch, Jan and Olsson, Helena Holmstr{\"o}m and Bj{\"o}rk, Jens and Ljungblad, Jens},
  booktitle={International Conference on Lean Enterprise Software and Systems},
  pages={1--15},
  year={2013},
  organization={Springer}
}
@book{nguyen2020fundamentals,
  title={Fundamentals of Software Startups},
  author={Nguyen-Duc, Anh and M{\"u}nch, J{\"u}rgen and Prikladnicki, Rafael and Wang, Xiaofeng and Abrahamsson, Pekka},
  year={2020},
  publisher={Springer}
}
@article{souri2017software,
  title={Software as a service based CRM providers in the cloud computing: challenges and technical issues},
  author={Souri, Alireza and Asghari, Parvaneh and Rezaei, Reza},
  journal={Journal of Service Science Research},
  volume={9},
  number={2},
  pages={219--237},
  year={2017},
  publisher={Springer}
}
@article{piva2018human,
  title={Human capital signals and entrepreneurs’ success in equity crowdfunding},
  author={Piva, Evila and Rossi-Lamastra, Cristina},
  journal={Small Business Economics},
  volume={51},
  number={3},
  pages={667--686},
  year={2018},
  publisher={Springer}
}
@article{colombo2021use,
  title={The use of signals in new-venture financing: A review and research agenda},
  author={Colombo, Oskar},
  journal={Journal of Management},
  volume={47},
  number={1},
  pages={237--259},
  year={2021},
  publisher={SAGE Publications Sage CA: Los Angeles, CA}
}
@article{banker2020technical,
  title={Technical Debt and Firm Performance},
  author={Banker, Rajiv and Liang, Yi and Ramasubbu, Narayan},
  journal={Management Science},
  year={2020},
  publisher={INFORMS}
}
@article{chen2015new,
  title={New firm performance and the replacement of founder-CEOs},
  author={Chen, Jing and Thompson, Peter},
  journal={Strategic Entrepreneurship Journal},
  volume={9},
  number={3},
  pages={243--262},
  year={2015},
  publisher={Wiley Online Library}
}
@book{spence1974market,
  title={Market signaling: Informational transfer in hiring and related screening processes},
  author={Spence, Michael},
  number={143},
  year={1974},
  publisher={cambridge: harvard university press}
}
@article{teece1997dynamic,
  title={Dynamic capabilities and strategic management},
  author={Teece, David J and Pisano, Gary and Shuen, Amy},
  journal={Strategic management journal},
  volume={18},
  number={7},
  pages={509--533},
  year={1997},
  publisher={Wiley Online Library}
}
@article{mathiassen2007dynamic,
  title={Dynamic capabilities in small software firms: A sense-and-respond approach},
  author={Mathiassen, Lars and Vainio, Anu Marianne},
  journal={IEEE Transactions on Engineering Management},
  volume={54},
  number={3},
  pages={522--538},
  year={2007},
  publisher={IEEE}
}
@inproceedings{seppanen2017little,
  title={Little big team: acquiring human capital in software startups},
  author={Sepp{\"a}nen, Pertti and Liukkunen, Kari and Oivo, Markku},
  booktitle={International Conference on Product-Focused Software Process Improvement},
  pages={280--296},
  year={2017},
  organization={Springer}
}
@article{barney1991firm,
  title={Firm resources and sustained competitive advantage},
  author={Barney, Jay},
  journal={Journal of management},
  volume={17},
  number={1},
  pages={99--120},
  year={1991},
  publisher={Sage publications Sage CA: Thousand Oaks, CA}
}
@article{eisenhardt2000dynamic,
  title={Dynamic capabilities: what are they?},
  author={Eisenhardt, Kathleen M and Martin, Jeffrey A},
  journal={Strategic management journal},
  volume={21},
  number={10-11},
  pages={1105--1121},
  year={2000},
  publisher={Wiley Online Library}
}
@article{baum1999organizational,
  title={Organizational ecology},
  author={Baum, Joel AC},
  journal={Studying organization: Theory and method},
  pages={71--108},
  year={1999},
  publisher={Ed. Stewart Clegg and Cynthia Hardy. Sage. London{\textperiodcentered} Thousand Oaks{\textperiodcentered} New Delhi}
}
@article{zheng2016shared,
  title={Shared and shared alike? F ounders' prior shared experience and performance of newly founded banks},
  author={Zheng, Yanfeng and Devaughn, Michael L and Zellmer-Bruhn, Mary},
  journal={Strategic Management Journal},
  volume={37},
  number={12},
  pages={2503--2520},
  year={2016},
  publisher={Wiley Online Library}
}
@article{roure1990predictors,
  title={Predictors of success in new technology based ventures},
  author={Roure, Juan B and Keeley, Robert H},
  journal={Journal of business venturing},
  volume={5},
  number={4},
  pages={201--220},
  year={1990},
  publisher={Elsevier}
}
@article{malyy2021value,
  title={The value of big data for analyzing growth dynamics of technology-based new ventures},
  author={Malyy, Maksim and Tekic, Zeljko and Podladchikova, Tatiana},
  journal={Technological Forecasting and Social Change},
  volume={169},
  pages={120794},
  year={2021},
  publisher={Elsevier}
}
@article{tzabbar2017beyond,
  title={Beyond the startup stage: The founding team’s human capital, new venture’s stage of life, founder--CEO duality, and breakthrough innovation},
  author={Tzabbar, Daniel and Margolis, Jaclyn},
  journal={Organization Science},
  volume={28},
  number={5},
  pages={857--872},
  year={2017},
  publisher={INFORMS}
}
@article{roure1986linking,
  title={Linking prefunding factors and high-technology venture success: An exploratory study},
  author={Roure, Juan B and Maidique, Modesto A},
  journal={Journal of business venturing},
  volume={1},
  number={3},
  pages={295--306},
  year={1986},
  publisher={Elsevier}
}
@article{rapanta2017linkedin,
  title={The LinkedIn endorsement game: Why and how professionals attribute skills to others},
  author={Rapanta, Chrysi and Cantoni, Lorenzo},
  journal={Business and Professional Communication Quarterly},
  volume={80},
  number={4},
  pages={443--459},
  year={2017},
  publisher={Sage Publications Sage CA: Los Angeles, CA}
}
@inproceedings{yan2019social,
  title={Social skill validation at LinkedIn},
  author={Yan, Xiao and Yang, Jaewon and Obukhov, Mikhail and Zhu, Lin and Bai, Joey and Wu, Shiqi and He, Qi},
  booktitle={Proceedings of the 25th ACM SIGKDD International Conference on Knowledge Discovery \& Data Mining},
  pages={2943--2951},
  year={2019}
}
@article{shane2009encouraging,
  title={Why encouraging more people to become entrepreneurs is bad public policy},
  author={Shane, Scott},
  journal={Small business economics},
  volume={33},
  number={2},
  pages={141--149},
  year={2009},
  publisher={Springer}
}
@article{aldrich2018unicorns,
  title={Unicorns, gazelles, and other distractions on the way to understanding real entrepreneurship in the United States},
  author={Aldrich, Howard E and Ruef, Martin},
  journal={Academy of Management Perspectives},
  volume={32},
  number={4},
  pages={458--472},
  year={2018},
  publisher={Academy of Management Briarcliff Manor, NY}
}
@article{coad2020catching,
  title={Catching Gazelles with a Lasso: Big data techniques for the prediction of high-growth firms},
  author={Coad, Alex and Srhoj, Stjepan},
  journal={Small Business Economics},
  volume={55},
  number={3},
  pages={541--565},
  year={2020},
  publisher={Springer}
}
@article{othman2020angelistdata,
  title={What AngelList Data Says About Power-Law Returns In Venture Capital},
  author={Othman, Abe},
  year={2020},
}
@article{de2018too,
  title={When Too Much Is Too Little: Evaluating the Italian Startup Act},
  author={de Angelis, Luca},
  journal={The Journal of Private Equity},
  volume={21},
  number={4},
  pages={29--39},
  year={2018},
  publisher={Institutional Investor Journals Umbrella}
}
@article{nanda2020persistent,
  title={The persistent effect of initial success: Evidence from venture capital},
  author={Nanda, Ramana and Samila, Sampsa and Sorenson, Olav},
  journal={Journal of Financial Economics},
  volume={137},
  number={1},
  pages={231--248},
  year={2020},
  publisher={Elsevier}
}
@article{pinelli2020too,
  title={Too much of two good things: effects of founders’ educational level and heterogeneity on start-up funds raised},
  author={Pinelli, Michele and Cappa, Francesco and Franco, Stefano and Peruffo, Enzo and Oriani, Raffaele},
  journal={IEEE Transactions on Engineering Management},
  year={2020},
  publisher={IEEE}
}
@inproceedings{singhal2022data,
  title={Data Driven Analysis for Startup Investments for Venture Capitalists},
  author={Singhal, Jaiesh and Rane, Chinmayi and Wadalkar, Yash and Joshi, Mohit and Deshpande, Amol},
  booktitle={2022 International Conference for Advancement in Technology (ICONAT)},
  pages={1--6},
  year={2022},
  organization={IEEE}
}
@article{hanushek2016will,
  title={Will more higher education improve economic growth?},
  author={Hanushek, Eric A},
  journal={Oxford Review of Economic Policy},
  volume={32},
  number={4},
  pages={538--552},
  year={2016},
  publisher={Oxford University Press UK}
}
@article{ratzinger2018impact,
  title={The impact of digital start-up founders’ higher education on reaching equity investment milestones},
  author={Ratzinger, Daniel and Amess, Kevin and Greenman, Andrew and Mosey, Simon},
  journal={The Journal of Technology Transfer},
  volume={43},
  number={3},
  pages={760--778},
  year={2018},
  publisher={Springer}
}
@article{klotz2014new,
  title={New venture teams: A review of the literature and roadmap for future research},
  author={Klotz, Anthony C and Hmieleski, Keith M and Bradley, Bret H and Busenitz, Lowell W},
  journal={Journal of management},
  volume={40},
  number={1},
  pages={226--255},
  year={2014},
  publisher={Sage Publications Sage CA: Los Angeles, CA}
}
@article{pierce2013too,
  title={The too-much-of-a-good-thing effect in management},
  author={Pierce, Jason R and Aguinis, Herman},
  journal={Journal of Management},
  volume={39},
  number={2},
  pages={313--338},
  year={2013},
  publisher={Sage Publications Sage CA: Los Angeles, CA}
}
@article{harrison2007s,
  title={What's the difference? Diversity constructs as separation, variety, or disparity in organizations},
  author={Harrison, David A and Klein, Katherine J},
  journal={Academy of management review},
  volume={32},
  number={4},
  pages={1199--1228},
  year={2007},
  publisher={Academy of Management Briarcliff Manor, NY 10510}
}
@article{acs2021evolution,
  title={The evolution of the global digital platform economy: 1971--2021},
  author={Acs, Zoltan J and Song, Abraham K and Szerb, Laszlo and Audretsch, David B and Komlosi, Eva},
  journal={Small Business Economics},
  volume={57},
  number={4},
  pages={1629--1659},
  year={2021},
  publisher={Springer}
}
@article{becherer1999proactive,
  title={The proactive personality disposition and entrepreneurial behavior among small company presidents},
  author={Becherer, Richard C and Maurer, John G},
  journal={Journal of small business management},
  volume={37},
  number={1},
  pages={28},
  year={1999},
  publisher={Taylor \& Francis Ltd.}
}
@article{marvel2007technology,
  title={Technology entrepreneurs’ human capital and its effects on innovation radicalness},
  author={Marvel, Matthew R and Lumpkin, George T},
  journal={Entrepreneurship Theory and Practice},
  volume={31},
  number={6},
  pages={807--828},
  year={2007},
  publisher={SAGE Publications Sage CA: Los Angeles, CA}
}
@article{shane2000promise,
  title={The promise of entrepreneurship as a field of research},
  author={Shane, Scott and Venkataraman, Sankaran},
  journal={Academy of management review},
  volume={25},
  number={1},
  pages={217--226},
  year={2000},
  publisher={Academy of management Briarcliff Manor, NY 10510}
}
@article{westhead2005decisions,
  title={Decisions, actions, and performance: do novice, serial, and portfolio entrepreneurs differ?},
  author={Westhead, Paul and Ucbasaran, Deniz and Wright, Mike},
  journal={Journal of small business management},
  volume={43},
  number={4},
  pages={393--417},
  year={2005},
  publisher={Wiley Online Library}
}
@article{chandler1994founder,
  title={Founder competence, the environment, and venture performance},
  author={Chandler, Gaylen N and Hanks, Steven H},
  journal={Entrepreneurship theory and practice},
  volume={18},
  number={3},
  pages={77--89},
  year={1994},
  publisher={SAGE Publications Sage CA: Los Angeles, CA}
}
@article{hunter1986cognitive,
  title={Cognitive ability, cognitive aptitudes, job knowledge, and job performance},
  author={Hunter, John E},
  journal={Journal of vocational behavior},
  volume={29},
  number={3},
  pages={340--362},
  year={1986},
  publisher={Elsevier}
}
@article{hong2001problem,
  title={Problem solving by heterogeneous agents},
  author={Hong, Lu and Page, Scott E},
  journal={Journal of economic theory},
  volume={97},
  number={1},
  pages={123--163},
  year={2001},
  publisher={Elsevier}
}
@article{nooteboom2007optimal,
  title={Optimal cognitive distance and absorptive capacity},
  author={Nooteboom, Bart and Van Haverbeke, Wim and Duysters, Geert and Gilsing, Victor and Van den Oord, Ad},
  journal={Research policy},
  volume={36},
  number={7},
  pages={1016--1034},
  year={2007},
  publisher={Elsevier}
}
@article{zhou2015entrepreneurial,
  title={Entrepreneurial team diversity and performance: Toward an integrated model},
  author={Zhou, Wencang and Rosini, Elizabeth},
  journal={Entrepreneurship Research Journal},
  volume={5},
  number={1},
  pages={31--60},
  year={2015},
  publisher={De Gruyter}
}
@article{rosenbusch2013does,
  title={Does acquiring venture capital pay off for the funded firms? A meta-analysis on the relationship between venture capital investment and funded firm financial performance},
  author={Rosenbusch, Nina and Brinckmann, Jan and M{\"u}ller, Verena},
  journal={Journal of business venturing},
  volume={28},
  number={3},
  pages={335--353},
  year={2013},
  publisher={Elsevier}
}
@article{wise2022startup,
  title={Startup team ethnic diversity and investment capital raised},
  author={Wise, Sean and Yeganegi, Sepideh and Laplume, Andr{\'e} O},
  journal={Journal of Business Venturing Insights},
  volume={17},
  pages={e00314},
  year={2022},
  publisher={Elsevier}
}
@article{zarutskie2010role,
  title={The role of top management team human capital in venture capital markets: Evidence from first-time funds},
  author={Zarutskie, Rebecca},
  journal={Journal of Business Venturing},
  volume={25},
  number={1},
  pages={155--172},
  year={2010},
  publisher={Elsevier}
}
@article{grillitsch2021does,
  title={Does the timing of integrating new skills affect start-up growth?},
  author={Grillitsch, Markus and Schubert, Torben},
  journal={Strategic Entrepreneurship Journal},
  volume={15},
  number={4},
  pages={647--684},
  year={2021},
  publisher={Wiley Online Library}
}
@article{beckman2008founding,
  title={Founding the future: Path dependence in the evolution of top management teams from founding to IPO},
  author={Beckman, Christine M and Burton, M Diane},
  journal={Organization science},
  volume={19},
  number={1},
  pages={3--24},
  year={2008},
  publisher={INFORMS}
}
@article{packalen2007complementing,
  title={Complementing capital: The role of status, demographic features, and social capital in founding teams’ abilities to obtain resources},
  author={Packalen, Kelley A},
  journal={Entrepreneurship Theory and Practice},
  volume={31},
  number={6},
  pages={873--891},
  year={2007},
  publisher={SAGE Publications Sage CA: Los Angeles, CA}
}
@article{bell2007deep,
  title={Deep-level composition variables as predictors of team performance: a meta-analysis.},
  author={Bell, Suzanne T},
  journal={Journal of applied psychology},
  volume={92},
  number={3},
  pages={595},
  year={2007},
  publisher={American Psychological Association}
}
@article{sirmon2011resource,
  title={Resource orchestration to create competitive advantage: Breadth, depth, and life cycle effects},
  author={Sirmon, David G and Hitt, Michael A and Ireland, R Duane and Gilbert, Brett Anitra},
  journal={Journal of management},
  volume={37},
  number={5},
  pages={1390--1412},
  year={2011},
  publisher={Sage Publications Sage CA: Los Angeles, CA}
}
@article{bunderson2002comparing,
  title={Comparing alternative conceptualizations of functional diversity in management teams: Process and performance effects},
  author={Bunderson, J Stuart and Sutcliffe, Kathleen M},
  journal={Academy of management journal},
  volume={45},
  number={5},
  pages={875--893},
  year={2002},
  publisher={Academy of Management Briarcliff Manor, NY 10510}
}
@article{shane2002network,
  title={Network ties, reputation, and the financing of new ventures},
  author={Shane, Scott and Cable, Daniel},
  journal={Management science},
  volume={48},
  number={3},
  pages={364--381},
  year={2002},
  publisher={Informs}
}
@article{knight2020start,
  title={Start-up teams: A multidimensional conceptualization, integrative review of past research, and future research agenda},
  author={Knight, Andrew P and Greer, Lindred L and De Jong, Bart},
  journal={Academy of Management Annals},
  volume={14},
  number={1},
  pages={231--266},
  year={2020},
  publisher={Briarcliff Manor, NY}
}
@article{plummer2016better,
  title={Better together? Signaling interactions in new venture pursuit of initial external capital},
  author={Plummer, Lawrence A and Allison, Thomas H and Connelly, Brian L},
  journal={Academy of Management Journal},
  volume={59},
  number={5},
  pages={1585--1604},
  year={2016},
  publisher={Academy of Management Briarcliff Manor, NY}
}
@incollection{spence1978job,
  title={Job market signaling},
  author={Spence, Michael},
  booktitle={Uncertainty in economics},
  pages={281--306},
  year={1978},
  publisher={Elsevier}
}
@article{eddleston2016you,
  title={Do you see what I see? Signaling effects of gender and firm characteristics on financing entrepreneurial ventures},
  author={Eddleston, Kimberly A and Ladge, Jamie J and Mitteness, Cheryl and Balachandra, Lakshmi},
  journal={Entrepreneurship Theory and Practice},
  volume={40},
  number={3},
  pages={489--514},
  year={2016},
  publisher={SAGE Publications Sage CA: Los Angeles, CA}
}
@article{becker2015new,
  title={New venture legitimacy: the conditions for angel investors},
  author={Becker-Blease, John R and Sohl, Jeffrey E},
  journal={Small Business Economics},
  volume={45},
  number={4},
  pages={735--749},
  year={2015},
  publisher={Springer}
}
@article{hoenig2015quality,
  title={Quality signals? The role of patents, alliances, and team experience in venture capital financing},
  author={Hoenig, Daniel and Henkel, Joachim},
  journal={Research Policy},
  volume={44},
  number={5},
  pages={1049--1064},
  year={2015},
  publisher={Elsevier}
}
@article{aggarwal2015evaluating,
  title={Evaluating venture technical competence in venture capitalist investment decisions},
  author={Aggarwal, Rohit and Kryscynski, David and Singh, Harpreet},
  journal={Management Science},
  volume={61},
  number={11},
  pages={2685--2706},
  year={2015},
  publisher={INFORMS}
}
@article{townsend2015turning,
  title={Turning water into wine? Exploring the role of dynamic capabilities in early-stage capitalization processes},
  author={Townsend, David M and Busenitz, Lowell W},
  journal={Journal of Business Venturing},
  volume={30},
  number={2},
  pages={292--306},
  year={2015},
  publisher={Elsevier}
}
@article{hallen2008causes,
  title={The causes and consequences of the initial network positions of new organizations: From whom do entrepreneurs receive investments?},
  author={Hallen, Benjamin L},
  journal={Administrative Science Quarterly},
  volume={53},
  number={4},
  pages={685--718},
  year={2008},
  publisher={SAGE Publications Sage CA: Los Angeles, CA}
}
@article{huang2017resources,
  title={Resources and relationships in entrepreneurship: An exchange theory of the development and effects of the entrepreneur-investor relationship},
  author={Huang, Laura and Knight, Andrew P},
  journal={Academy of Management Review},
  volume={42},
  number={1},
  pages={80--102},
  year={2017},
  publisher={Academy of Management Briarcliff Manor, NY}
}
@article{delmar2003arriving,
  title={Arriving at the high-growth firm},
  author={Delmar, Fr{\'e}d{\'e}ric and Davidsson, Per and Gartner, William B},
  journal={Journal of business venturing},
  volume={18},
  number={2},
  pages={189--216},
  year={2003},
  publisher={Elsevier}
}
@article{semrau2014exactly,
  title={How exactly do network relationships pay off? The effects of network size and relationship quality on access to start--up resources},
  author={Semrau, Thorsten and Werner, Arndt},
  journal={Entrepreneurship Theory and Practice},
  volume={38},
  number={3},
  pages={501--525},
  year={2014},
  publisher={SAGE Publications Sage CA: Los Angeles, CA}
}
@article{xie2020does,
  title={Does new venture team power hierarchy enhance or impair new venture performance? A contingency perspective},
  author={Xie, Xiao-Yun and Feng, Wen and Hu, Qiongjing},
  journal={Journal of business venturing},
  volume={35},
  number={6},
  pages={106059},
  year={2020},
  publisher={Elsevier}
}
@article{zhao2021age,
  title={Age and entrepreneurial career success: A review and a meta-analysis},
  author={Zhao, Hao and O'Connor, Gina and Wu, Jihong and Lumpkin, GT},
  journal={Journal of Business Venturing},
  volume={36},
  number={1},
  pages={106007},
  year={2021},
  publisher={Elsevier}
}
@article{kruskal1956shortest,
  title={On the shortest spanning subtree of a graph and the traveling salesman problem},
  author={Kruskal, Joseph B},
  journal={Proceedings of the American Mathematical society},
  volume={7},
  number={1},
  pages={48--50},
  year={1956},
  publisher={JSTOR}
}
@article{nahata2019success,
  title={Success is good but failure is not so bad either: Serial entrepreneurs and venture capital contracting},
  author={Nahata, Rajarishi},
  journal={Journal of Corporate Finance},
  volume={58},
  pages={624--649},
  year={2019},
  publisher={Elsevier}
}
@article{gompers2010performance,
  title={Performance persistence in entrepreneurship},
  author={Gompers, Paul and Kovner, Anna and Lerner, Josh and Scharfstein, David},
  journal={Journal of financial economics},
  volume={96},
  number={1},
  pages={18--32},
  year={2010},
  publisher={Elsevier}
}
@inproceedings{subramanian2022backing,
  title={Backing the Right Jockey? Founder Traits and Early-Stage Funding in Digital Entrepreneurship},
  author={Subramanian, Hemang C and Venkataraman, Vijayaraghavan and Jiang, Haoqiang},
  booktitle={Academy of Management Proceedings},
  volume={2022},
  number={1},
  pages={17128},
  year={2022},
  organization={Academy of Management Briarcliff Manor, NY 10510}
}
@article{nanda2016financing,
  title={Financing entrepreneurial experimentation},
  author={Nanda, Ramana and Rhodes-Kropf, Matthew},
  journal={Innovation Policy and the Economy},
  volume={16},
  number={1},
  pages={1--23},
  year={2016},
  publisher={University of Chicago Press Chicago, IL}
}
@article{hsu2007experienced,
  title={Experienced entrepreneurial founders, organizational capital, and venture capital funding},
  author={Hsu, David H},
  journal={Research policy},
  volume={36},
  number={5},
  pages={722--741},
  year={2007},
  publisher={Elsevier}
}
@article{ngoasong2017digital,
  title={Digital entrepreneurship in a resource-scarce context: A focus on entrepreneurial digital competencies},
  author={Ngoasong, Michael Zisuh},
  journal={Journal of Small Business and Enterprise Development},
  year={2017},
  publisher={Emerald Publishing Limited}
}
@article{duhigg2016google,
  title={What Google learned from its quest to build the perfect team},
  author={Duhigg, Charles},
  journal={The New York Times Magazine},
  volume={26},
  number={2016},
  pages={2016},
  year={2016},
  publisher={New York}
}
@article{boeker1989strategic,
  title={Strategic change: The effects of founding and history},
  author={Boeker, Warren},
  journal={Academy of Management journal},
  volume={32},
  number={3},
  pages={489--515},
  year={1989},
  publisher={Academy of Management Briarcliff Manor, NY 10510}
}
@article{eisenhardt1990organizational,
  title={Organizational growth: Linking founding team, strategy, environment, and growth among US semiconductor ventures, 1978-1988},
  author={Eisenhardt, Kathleen M and Schoonhoven, Claudia Bird},
  journal={Administrative science quarterly},
  pages={504--529},
  year={1990},
  publisher={JSTOR}
}
@article{ensley1998effect,
  title={The effect of entrepreneurial team skill heterogeneity and functional diversity on new venture performance},
  author={Ensley, Michael D and Carland, James W and Carland, JoAnn C},
  journal={Journal of Business and Entrepreneurship},
  volume={10},
  number={1},
  pages={1},
  year={1998},
  publisher={Association for Small Business and Entrepreneurship}
}
@article{audretsch2001linking,
  title={Linking entrepreneurship to growth},
  author={Audretsch, David B and Thurik, Roy},
  year={2001},
  publisher={OECD}
}
@article{kamm1990entrepreneurial,
  title={Entrepreneurial teams in new venture creation: A research agenda},
  author={Kamm, Judith B and Shuman, Jeffrey C and Seeger, John A and Nurick, Aaron J},
  journal={Entrepreneurship theory and practice},
  volume={14},
  number={4},
  pages={7--17},
  year={1990},
  publisher={SAGE Publications Sage CA: Los Angeles, CA}
}
@article{sahut2021age,
  title={The age of digital entrepreneurship},
  author={Sahut, Jean-Michel and Iandoli, Luca and Teulon, Fr{\'e}d{\'e}ric},
  journal={Small Business Economics},
  volume={56},
  number={3},
  pages={1159--1169},
  year={2021},
  publisher={Springer}
}
@article{baum2004picking,
  title={Picking winners or building them? Alliance, intellectual, and human capital as selection criteria in venture financing and performance of biotechnology startups},
  author={Baum, Joel AC and Silverman, Brian S},
  journal={Journal of business venturing},
  volume={19},
  number={3},
  pages={411--436},
  year={2004},
  publisher={Elsevier}
}
@article{bernstein2017attracting,
  title={Attracting early-stage investors: Evidence from a randomized field experiment},
  author={Bernstein, Shai and Korteweg, Arthur and Laws, Kevin},
  journal={The Journal of Finance},
  volume={72},
  number={2},
  pages={509--538},
  year={2017},
  publisher={Wiley Online Library}
}
@article{franke2006you,
  title={What you are is what you like—similarity biases in venture capitalists' evaluations of start-up teams},
  author={Franke, Nikolaus and Gruber, Marc and Harhoff, Dietmar and Henkel, Joachim},
  journal={Journal of Business Venturing},
  volume={21},
  number={6},
  pages={802--826},
  year={2006},
  publisher={Elsevier}
}
@article{franke2008venture,
  title={Venture capitalists’ evaluations of start--up teams: Trade--offs, knock--out criteria, and the impact of VC experience},
  author={Franke, Nikolaus and Gruber, Marc and Harhoff, Dietmar and Henkel, Joachim},
  journal={Entrepreneurship Theory and Practice},
  volume={32},
  number={3},
  pages={459--483},
  year={2008},
  publisher={SAGE Publications Sage CA: Los Angeles, CA}
}
@article{kaplan2009should,
  title={Should investors bet on the jockey or the horse? Evidence from the evolution of firms from early business plans to public companies},
  author={Kaplan, Steven N and Sensoy, Berk A and Str{\"o}mberg, Per},
  journal={The Journal of Finance},
  volume={64},
  number={1},
  pages={75--115},
  year={2009},
  publisher={Wiley Online Library}
}
@article{protogerou2017determinants,
  title={Determinants of young firms’ innovative performance: Empirical evidence from Europe},
  author={Protogerou, Aimilia and Caloghirou, Yannis and Vonortas, Nicholas S},
  journal={Research Policy},
  volume={46},
  number={7},
  pages={1312--1326},
  year={2017},
  publisher={Elsevier}
}
@article{janney2006moderating,
  title={Moderating effects of investor experience on the signaling value of private equity placements},
  author={Janney, Jay J and Folta, Timothy B},
  journal={Journal of Business Venturing},
  volume={21},
  number={1},
  pages={27--44},
  year={2006},
  publisher={Elsevier}
}
@article{ashby1957introduction,
  title={An introduction to cybernetics},
  author={Ashby, W Ross},
  year={1957},
  publisher={Chapman \& Hall Ltd.}
}
@article{connelly2011signaling,
  title={Signaling theory: A review and assessment},
  author={Connelly, Brian L and Certo, S Trevis and Ireland, R Duane and Reutzel, Christopher R},
  journal={Journal of management},
  volume={37},
  number={1},
  pages={39--67},
  year={2011},
  publisher={Sage Publications Sage CA: Los Angeles, CA}
}
@article{islam2018signaling,
  title={Signaling by early stage startups: US government research grants and venture capital funding},
  author={Islam, Mazhar and Fremeth, Adam and Marcus, Alfred},
  journal={Journal of Business Venturing},
  volume={33},
  number={1},
  pages={35--51},
  year={2018},
  publisher={Elsevier}
}
@article{chen2009entrepreneur,
  title={Entrepreneur passion and preparedness in business plan presentations: a persuasion analysis of venture capitalists' funding decisions},
  author={Chen, Xiao-Ping and Yao, Xin and Kotha, Suresh},
  journal={Academy of Management journal},
  volume={52},
  number={1},
  pages={199--214},
  year={2009},
  publisher={Academy of Management Briarcliff Manor, NY}
}
@article{courtney2017resolving,
  title={Resolving information asymmetry: Signaling, endorsement, and crowdfunding success},
  author={Courtney, Christopher and Dutta, Supradeep and Li, Yong},
  journal={Entrepreneurship Theory and Practice},
  volume={41},
  number={2},
  pages={265--290},
  year={2017},
  publisher={SAGE Publications Sage CA: Los Angeles, CA}
}
@article{matusik2008values,
  title={Values and judgment under uncertainty: evidence from venture capitalist assessments of founders},
  author={Matusik, Sharon F and George, Jennifer M and Heeley, Michael B},
  journal={Strategic Entrepreneurship Journal},
  volume={2},
  number={2},
  pages={95--115},
  year={2008},
  publisher={Wiley Online Library}
}
@article{spence2002signaling,
  title={Signaling in retrospect and the informational structure of markets},
  author={Spence, Michael},
  journal={American economic review},
  volume={92},
  number={3},
  pages={434--459},
  year={2002},
  publisher={American Economic Association}
}
@article{smith2017embracing,
  title={Embracing digital networks: Entrepreneurs' social capital online},
  author={Smith, Claudia and Smith, J Brock and Shaw, Eleanor},
  journal={Journal of Business Venturing},
  volume={32},
  number={1},
  pages={18--34},
  year={2017},
  publisher={Elsevier}
}
@article{banerji2019startup,
  title={Startup founders and their LinkedIn connections: Are well-connected entrepreneurs more successful?},
  author={Banerji, Devika and Reimer, Torsten},
  journal={Computers in Human Behavior},
  volume={90},
  pages={46--52},
  year={2019},
  publisher={Elsevier}
}
@article{sako2020scaling,
  title={Scaling Up Firms in Entrepreneurial Ecosystems: Fintech and Lawtech Ecosystems Compared},
  author={Sako, Mari and Qian, Matthias and Verhagen, Mark and Parnham, Richard},
  journal={Available at SSRN 3520533},
  year={2020}
}
@article{cohen1990absorptive,
  title={Absorptive capacity: A new perspective on learning and innovation},
  author={Cohen, Wesley M and Levinthal, Daniel A},
  journal={Administrative science quarterly},
  pages={128--152},
  year={1990},
  publisher={JSTOR}
}
@article{kirtley2020pivot,
  title={What is a pivot? Explaining when and how entrepreneurial firms decide to make strategic change and pivot},
  author={Kirtley, Jacqueline and O'Mahony, Siobhan},
  journal={Strategic Management Journal},
  year={2020},
  publisher={Wiley Online Library}
}
@article{ferrary1999confiance,
  title={Confiance et accumulation de capital social dans la r{\'e}gulation des activit{\'e}s de cr{\'e}dit},
  author={Ferrary, Michel},
  journal={Revue fran{\c{c}}aise de sociologie},
  pages={559--586},
  year={1999},
  publisher={JSTOR}
}
@book{james2013introduction,
  title={An introduction to statistical learning},
  author={James, Gareth and Witten, Daniela and Hastie, Trevor and Tibshirani, Robert},
  volume={112},
  year={2013},
  publisher={Springer}
}
@article{mollick2014dynamics,
  title={The dynamics of crowdfunding: An exploratory study},
  author={Mollick, Ethan},
  journal={Journal of business venturing},
  volume={29},
  number={1},
  pages={1--16},
  year={2014},
  publisher={Elsevier}
}
@article{perez2016endorsement,
  title={Endorsement deduction and ranking in social networks},
  author={P{\'e}rez-Ros{\'e}s, Hebert and Seb{\'e}, Francesc and Rib{\'o}, Josep Maria},
  journal={Computer Communications},
  volume={73},
  pages={200--210},
  year={2016},
  publisher={Elsevier}
}
@inproceedings{wu2018analysis,
  title={Analysis and prediction of endorsement-based skill assessment in linkedin},
  author={Wu, Yan and Dhakal, Nitish and Xu, Dianxiang and Cho, Jin-Hee},
  booktitle={2018 IEEE 42nd Annual Computer Software and Applications Conference (COMPSAC)},
  volume={1},
  pages={461--470},
  year={2018},
  organization={IEEE}
}
@article{el2020predicting,
  title={Predicting employee attrition using tree-based models},
  author={El-Rayes, Nesreen and Fang, Ming and Smith, Michael and Taylor, Stephen M},
  journal={International Journal of Organizational Analysis},
  year={2020},
  publisher={Emerald Publishing Limited}
}
@article{kaushal2021artificial,
  title={Artificial intelligence and HRM: identifying future research Agenda using systematic literature review and bibliometric analysis},
  author={Kaushal, Neelam and Kaurav, Rahul Pratap Singh and Sivathanu, Brijesh and Kaushik, Neeraj},
  journal={Management Review Quarterly},
  pages={1--39},
  year={2021},
  publisher={Springer}
}
@book{bourdieu1979distinction,
  title={La distinction. Critique sociale du jugement},
  author={Bourdieu, Pierre},
  year={1979},
  publisher={HÉditions de Minuit,}
}
@inproceedings{seabold2010statsmodels,
  title={statsmodels: Econometric and statistical modeling with python},
  author={Seabold, Skipper and Perktold, Josef},
  booktitle={9th Python in Science Conference},
  year={2010},
}
@article{mathieu2000influence,
  title={The influence of shared mental models on team process and performance.},
  author={Mathieu, John E and Heffner, Tonia S and Goodwin, Gerald F and Salas, Eduardo and Cannon-Bowers, Janis A},
  journal={Journal of applied psychology},
  volume={85},
  number={2},
  pages={273},
  year={2000},
  publisher={American Psychological Association}
}
@article{sarto2022board,
  title={Board industry expertise and innovation input: Evidence on the curvilinear relationship and the moderating effect of CEO},
  author={Sarto, Fabrizia and Saggese, Sara},
  journal={European Journal of Innovation Management},
  volume={25},
  number={6},
  pages={775--803},
  year={2022},
  publisher={Emerald Publishing Limited}
}
@article{gasiorowski2022pay,
  title={Pay attention to me! The role of endorsements, patents, gender and prior experience in startup media attention},
  author={Gasiorowski, Laura and Lee, Ahreum},
  journal={Journal of Small Business and Enterprise Development},
  volume={30},
  number={1},
  pages={120--143},
  year={2022},
  publisher={Emerald Publishing Limited}
}
